% Encoding: UTF-8

@entry{alpha,
 name={\ensuremath{\alpha}},
 description={angular acceleration}
}
@entry{delta,
 name={\ensuremath{\delta}},
 description={Kronecker delta}
}
@entry{lambda,
 name={\ensuremath{\lambda}},
 description={Lagrange multiplier}
}
@entry{chi,
 name={\ensuremath{\chi}},
 description={chromatic number}
}
@entry{zeta,
 name={\ensuremath{\zeta}},
 description={Riemann zeta function}
}