% Encoding: UTF-8

@entry{rho,
 name={\ensuremath{\rho}},
 description={radio}
}
@entry{v,
 name={\ensuremath{v}},
 description={velocidad}
}
@entry{a,
 name={\ensuremath{a}},
 description={aceleracion}
}
@entry{t,
 name={\ensuremath{t}},
 description={tiempo}
}
@entry{F,
 name={\ensuremath{F}},
 description={fuerza}
}